<?xml version="1.0" encoding="UTF-8"?><collection xmlns="http://www.loc.gov/MARC21/slim"><record><leader>00454nam--2200133-i-4500</leader><controlfield tag="001">000021019</controlfield><controlfield tag="002">20161230</controlfield><controlfield tag="005">20161230201034</controlfield><controlfield tag="008">060222s1000------------r-----000-0-eng-d</controlfield><datafield ind1=" " ind2=" " tag="080"><subfield code="a">621.385.65:548.7(043)</subfield></datafield><datafield ind1=" " ind2=" " tag="100"><subfield code="a">Tudora, Marius Florin</subfield></datafield><datafield ind1=" " ind2=" " tag="245"><subfield code="a">Studiul proprietatilor materialelor folosite la fabricarea catozilor pentru tuburi electronice speciale-magnetron si tiratron cu hidrogen. teza</subfield></datafield><datafield ind1=" " ind2=" " tag="260"><subfield code="a">Bucuresti, I.F.A., 1998. 196 P</subfield></datafield><datafield ind1=" " ind2=" " tag="852"><subfield code="a">80974</subfield></datafield></record></collection>